<marcxml:record xmlns:marcxml="http://www.loc.gov/MARC21/slim" xmlns:mets="http://www.loc.gov/METS/" xmlns:bf="http://id.loc.gov/ontologies/bibframe/" xmlns:bflc="http://id.loc.gov/ontologies/bflc/" xmlns:madsrdf="http://www.loc.gov/mads/rdf/v1#" xmlns:rdf="http://www.w3.org/1999/02/22-rdf-syntax-ns#" xmlns:ri="http://id.loc.gov/ontologies/RecordInfo#" xmlns:idx="info:lc/xq-modules/lcindex" xmlns:semtriples="http://marklogic.com/semantic" xmlns:xsi="http://www.w3.org/2001/XMLSchema-instance" xmlns:xlink="http://www.w3.org/1999/xlink" xmlns:streams="info:lc/streams#">
  <marcxml:leader>03653cam a2200433 i 4500</marcxml:leader>
  <marcxml:controlfield tag="001">18122562</marcxml:controlfield>
  <marcxml:controlfield tag="005">20141204092810.0</marcxml:controlfield>
  <marcxml:controlfield tag="008">140421s2014    nyuab    b    001 0ceng  </marcxml:controlfield>
  <marcxml:datafield tag="906" ind1=" " ind2=" ">
    <marcxml:subfield code="a">7</marcxml:subfield>
    <marcxml:subfield code="b">cbc</marcxml:subfield>
    <marcxml:subfield code="c">orignew</marcxml:subfield>
    <marcxml:subfield code="d">1</marcxml:subfield>
    <marcxml:subfield code="e">ocip</marcxml:subfield>
    <marcxml:subfield code="f">20</marcxml:subfield>
    <marcxml:subfield code="g">y-gencatlg</marcxml:subfield>
  </marcxml:datafield>
  <marcxml:datafield tag="925" ind1="0" ind2=" ">
    <marcxml:subfield code="a">Acquire</marcxml:subfield>
    <marcxml:subfield code="b">2 shelf copies</marcxml:subfield>
    <marcxml:subfield code="x">policy default</marcxml:subfield>
  </marcxml:datafield>
  <marcxml:datafield tag="955" ind1=" " ind2=" ">
    <marcxml:subfield code="b">rf14 2014-04-21</marcxml:subfield>
    <marcxml:subfield code="c">rf14 2014-04-21 telework</marcxml:subfield>
    <marcxml:subfield code="d">rf14 2014-04-25 telework; to SL</marcxml:subfield>
    <marcxml:subfield code="e">rf10 2014-04-25 to Dewey</marcxml:subfield>
    <marcxml:subfield code="w">xl 06 2014-04-28;</marcxml:subfield>
    <marcxml:subfield code="f">xk15 2014-11-20 copies 1 &amp; 2 to CALM</marcxml:subfield>
  </marcxml:datafield>
  <marcxml:datafield tag="010" ind1=" " ind2=" ">
    <marcxml:subfield code="a">  2014013602</marcxml:subfield>
  </marcxml:datafield>
  <marcxml:datafield tag="020" ind1=" " ind2=" ">
    <marcxml:subfield code="a">9780062092892 (hardcover)</marcxml:subfield>
  </marcxml:datafield>
  <marcxml:datafield tag="040" ind1=" " ind2=" ">
    <marcxml:subfield code="a">DLC</marcxml:subfield>
    <marcxml:subfield code="b">eng</marcxml:subfield>
    <marcxml:subfield code="c">DLC</marcxml:subfield>
    <marcxml:subfield code="e">rda</marcxml:subfield>
    <marcxml:subfield code="d">DLC</marcxml:subfield>
  </marcxml:datafield>
  <marcxml:datafield tag="042" ind1=" " ind2=" ">
    <marcxml:subfield code="a">pcc</marcxml:subfield>
  </marcxml:datafield>
  <marcxml:datafield tag="043" ind1=" " ind2=" ">
    <marcxml:subfield code="a">n-us---</marcxml:subfield>
    <marcxml:subfield code="a">n-usu--</marcxml:subfield>
  </marcxml:datafield>
  <marcxml:datafield tag="050" ind1="0" ind2="0">
    <marcxml:subfield code="a">E608</marcxml:subfield>
    <marcxml:subfield code="b">.A25 2014</marcxml:subfield>
  </marcxml:datafield>
  <marcxml:datafield tag="082" ind1="0" ind2="0">
    <marcxml:subfield code="a">973.7/85</marcxml:subfield>
    <marcxml:subfield code="2">23</marcxml:subfield>
  </marcxml:datafield>
  <marcxml:datafield tag="100" ind1="1" ind2=" ">
    <marcxml:subfield code="a">Abbott, Karen,</marcxml:subfield>
    <marcxml:subfield code="d">1973-</marcxml:subfield>
  </marcxml:datafield>
  <marcxml:datafield tag="245" ind1="1" ind2="0">
    <marcxml:subfield code="a">Liar, temptress, soldier, spy :</marcxml:subfield>
    <marcxml:subfield code="b">four women undercover in the Civil War /</marcxml:subfield>
    <marcxml:subfield code="c">Karen Abbott.</marcxml:subfield>
  </marcxml:datafield>
  <marcxml:datafield tag="250" ind1=" " ind2=" ">
    <marcxml:subfield code="a">First edition.</marcxml:subfield>
  </marcxml:datafield>
  <marcxml:datafield tag="264" ind1=" " ind2="1">
    <marcxml:subfield code="a">New York, NY :</marcxml:subfield>
    <marcxml:subfield code="b">Harper, an imprint of HarperCollins Publishers,</marcxml:subfield>
    <marcxml:subfield code="c">[2014]</marcxml:subfield>
  </marcxml:datafield>
  <marcxml:datafield tag="300" ind1=" " ind2=" ">
    <marcxml:subfield code="a">xiii, 513 pages :</marcxml:subfield>
    <marcxml:subfield code="b">illustrations, maps ;</marcxml:subfield>
    <marcxml:subfield code="c">24 cm</marcxml:subfield>
  </marcxml:datafield>
  <marcxml:datafield tag="336" ind1=" " ind2=" ">
    <marcxml:subfield code="a">text</marcxml:subfield>
    <marcxml:subfield code="b">txt</marcxml:subfield>
    <marcxml:subfield code="2">rdacontent</marcxml:subfield>
  </marcxml:datafield>
  <marcxml:datafield tag="337" ind1=" " ind2=" ">
    <marcxml:subfield code="a">unmediated</marcxml:subfield>
    <marcxml:subfield code="b">n</marcxml:subfield>
    <marcxml:subfield code="2">rdamedia</marcxml:subfield>
  </marcxml:datafield>
  <marcxml:datafield tag="338" ind1=" " ind2=" ">
    <marcxml:subfield code="a">volume</marcxml:subfield>
    <marcxml:subfield code="b">nc</marcxml:subfield>
    <marcxml:subfield code="2">rdacarrier</marcxml:subfield>
  </marcxml:datafield>
  <marcxml:datafield tag="504" ind1=" " ind2=" ">
    <marcxml:subfield code="a">Includes bibliographical references (pages 483-495) and index.</marcxml:subfield>
  </marcxml:datafield>
  <marcxml:datafield tag="520" ind1="2" ind2=" ">
    <marcxml:subfield code="a">"The never-before-told story of four real-life women who risked everything to take on a life of espionage during the Civil War"--Provided by publisher.</marcxml:subfield>
  </marcxml:datafield>
  <marcxml:datafield tag="505" ind1="0" ind2=" ">
    <marcxml:subfield code="a">Splendid and Silent Suns (A Note) -- [1] 1861 -- The Fastest Girl in Virginia (or anywhere else for that matter) -- Our Woman -- A Shaft In Her Quiver -- As If They Were Chased By Demons -- Never As Pretty As Her Portrait Shows --  Little Rebel Heart On Fire -- Admirable Self-Denial -- The Birds of the Air -- The Secret Room -- Stakeout -- Hard to Name -- Crinoline and Quinine -- Dark and Gloomy Perils -- Unmasked -- The Defenseless Sex -- [2] 1862 -- Not Your Ideal of a Beautiful Soldier -- She Will Fool You Out of Your Eyes -- Rebel Vixens of the Slave States -- Wise As Serpents and Harmless As Doves -- A Woman Usually Tells All She Knows -- A Slave Called "Ned" -- Perfectly Insane On the Subject of Men -- The Other Side of the River -- My Love to All the Dear Boys -- One Grain of Manhood -- The Madam Looks Much Changed -- The Secesh Cleopatra -- The Bright Rush of Life, The Hurry of Death -- She Breathes, She Burns -- The Still, Small Voice -- Richmond Underground -- Playing Dead -- [3] 1863 -- When You Think He May Be Killed Tomorrow -- Bread Or Blood -- A Wean That's Born To Be Hung -- Forgive You All the Same -- No One Ignorant of the Danger -- La Belle Rebelle -- Women Make War Upon Each Other -- Please Give Us Some of Your Blood -- [4] 1864 -- That Unhappy Country -- Despicable Remedies -- The Sanctuary of a Modest Girl -- You Are Very Poor Company -- Be Prudent And Never Come Again -- Goodbye, Mrs. Greenhow -- This Verdict of Lunacy -- The Delicacy of the Situation -- Not At All Changed By Death -- The Sweet Little Man -- Like Most of Her Sex -- [5] 1865 -- The Way A Child Loves Its Mother -- As This Mighty Work Was Done -- Epilogue.</marcxml:subfield>
  </marcxml:datafield>
  <marcxml:datafield tag="651" ind1=" " ind2="0">
    <marcxml:subfield code="a">United States</marcxml:subfield>
    <marcxml:subfield code="x">History</marcxml:subfield>
    <marcxml:subfield code="y">Civil War, 1861-1865</marcxml:subfield>
    <marcxml:subfield code="x">Secret service.</marcxml:subfield>
  </marcxml:datafield>
  <marcxml:datafield tag="650" ind1=" " ind2="0">
    <marcxml:subfield code="a">Women spies</marcxml:subfield>
    <marcxml:subfield code="z">United States</marcxml:subfield>
    <marcxml:subfield code="v">Biography.</marcxml:subfield>
  </marcxml:datafield>
  <marcxml:datafield tag="650" ind1=" " ind2="0">
    <marcxml:subfield code="a">Women spies</marcxml:subfield>
    <marcxml:subfield code="z">Confederate States of America</marcxml:subfield>
    <marcxml:subfield code="v">Biography.</marcxml:subfield>
  </marcxml:datafield>
  <marcxml:datafield tag="651" ind1=" " ind2="0">
    <marcxml:subfield code="a">United States</marcxml:subfield>
    <marcxml:subfield code="x">History</marcxml:subfield>
    <marcxml:subfield code="y">Civil War, 1861-1865</marcxml:subfield>
    <marcxml:subfield code="x">Participation, Female.</marcxml:subfield>
  </marcxml:datafield>
  <marcxml:datafield tag="651" ind1=" " ind2="0">
    <marcxml:subfield code="a">United States</marcxml:subfield>
    <marcxml:subfield code="x">History</marcxml:subfield>
    <marcxml:subfield code="y">Civil War, 1861-1865</marcxml:subfield>
    <marcxml:subfield code="x">Women.</marcxml:subfield>
  </marcxml:datafield>
  <marcxml:datafield tag="651" ind1=" " ind2="0">
    <marcxml:subfield code="a">United States</marcxml:subfield>
    <marcxml:subfield code="x">History</marcxml:subfield>
    <marcxml:subfield code="y">Civil War, 1861-1865</marcxml:subfield>
    <marcxml:subfield code="v">Biography.</marcxml:subfield>
  </marcxml:datafield>
  <marcxml:datafield tag="600" ind1="1" ind2="0">
    <marcxml:subfield code="a">Boyd, Belle,</marcxml:subfield>
    <marcxml:subfield code="d">1844-1900.</marcxml:subfield>
  </marcxml:datafield>
  <marcxml:datafield tag="600" ind1="1" ind2="0">
    <marcxml:subfield code="a">Greenhow, Rose O'Neal,</marcxml:subfield>
    <marcxml:subfield code="d">1814-1864.</marcxml:subfield>
  </marcxml:datafield>
  <marcxml:datafield tag="600" ind1="1" ind2="0">
    <marcxml:subfield code="a">Van Lew, Elizabeth L.,</marcxml:subfield>
    <marcxml:subfield code="d">1818-1900.</marcxml:subfield>
  </marcxml:datafield>
  <marcxml:datafield tag="600" ind1="1" ind2="0">
    <marcxml:subfield code="a">Bowser, Mary Elizabeth,</marcxml:subfield>
    <marcxml:subfield code="d">approximately 1840-</marcxml:subfield>
  </marcxml:datafield>
</marcxml:record>
